<?xml version="1.0" encoding="UTF-8"?><collection xmlns="http://www.loc.gov/MARC21/slim"><record><leader>00400nam--2200133-i-4500</leader><controlfield tag="001">000039899</controlfield><controlfield tag="002">20161230</controlfield><controlfield tag="005">20161230201042</controlfield><controlfield tag="008">060222s1000------------r-----000-0-eng-d</controlfield><datafield ind1=" " ind2=" " tag="080"><subfield code="a">621.382.3</subfield></datafield><datafield ind1=" " ind2=" " tag="100"><subfield code="a">Rumpf, Karl-heinz And Pulvers, Manfred</subfield></datafield><datafield ind1=" " ind2=" " tag="245"><subfield code="a">Transistor electronics. use of semiconductor components in switching operations</subfield></datafield><datafield ind1=" " ind2=" " tag="260"><subfield code="a">Oxford, Pergamonn Press, 1965, 282p</subfield></datafield><datafield ind1=" " ind2=" " tag="852"><subfield code="a">24282</subfield></datafield></record></collection>